
@book{ abelson-et-al:scheme,
  author = "Harold Abelson and Gerald~Jay Sussman and Julie Sussman",
  title = "Structure and Interpretation of Computer Programs",
  publisher = "MIT Press",
  address = "Cambridge, Massachusetts",
  year = "1985"
}

@inproceedings{ bgf:Lixto,
  author = "Robert Baumgartner and Georg Gottlob and Sergio Flesca",
  title = "Visual Information Extraction with {Lixto}",
  booktitle = "Proceedings of the 27th International Conference on Very Large Databases",
  pages = "119--128",
  publisher = "Morgan Kaufmann",
  address = "Rome, Italy",
  month = "September",
  year = "2001"
}

@article{ brachman-schmolze:kl-one,
  author = "Ronald~J. Brachman and James~G. Schmolze",
  title = "An overview of the {KL-ONE} knowledge representation system",
  journal = "Cognitive Science",
  volume = "9",
  number = "2",
  pages = "171--216",
  month = "April--June",
  year = "1985"
}

@article{ gottlob:nonmon,
  author = "Georg Gottlob",
  title = "Complexity results for nonmonotonic logics",
  journal = "Journal of Logic and Computation",
  volume = "2",
  number = "3",
  pages = "397--425",
  month = "June",
  year = "1992"
}

@article{ gls:hypertrees,
  author = "Georg Gottlob and Nicola Leone and Francesco Scarcello",
  title = "Hypertree Decompositions and Tractable Queries",
  journal = "Journal of Computer and System Sciences",
  volume = "64",
  number = "3",
  pages = "579--627",
  month = "May",
  year = "2002"
}

@article{ levesque:functional-foundations,
  author = "Hector~J. Levesque",
  title = "Foundations of a functional approach to knowledge representation",
  journal = "Artificial Intelligence",
  volume = "23",
  number = "2",
  pages = "155--212",
  month = "July",
  year = "1984"
}

@inproceedings{ levesque:belief,
  author = "Hector~J. Levesque",
  title = "A logic of implicit and explicit belief",
  booktitle = "Proceedings of the Fourth National Conference on Artificial Intelligence",
  publisher = "American Association for Artificial Intelligence",
  pages = "198--202",
  address = "Austin, Texas",
  month = "August",
  year = "1984"
}

@article{ nebel:jair-2000,
  author = "Bernhard Nebel",
  title = "On the compilability and expressive power of propositional planning formalisms",
  journal = "Journal of Artificial Intelligence Research",
  volume = "12",
  pages = "271--315",
  year = "2000"
}

 @misc{proceedings,
  author = {{IJCAI Proceedings}},
  title = {{IJCAI} Camera Ready Submission},
  howpublished = {\url{https://proceedings.ijcai.org/info}},
}

@inproceedings{zheng2015scalable,
  title={Scalable person re-identification: A benchmark},
  author={Zheng, Liang and Shen, Liyue and Tian, Lu and Wang, Shengjin and Wang, Jingdong and Tian, Qi},
  booktitle={Proceedings of the IEEE international conference on computer vision},
  pages={1116--1124},
  year={2015}
}

@inproceedings{ristani2016performance,
  title={Performance measures and a data set for multi-target, multi-camera tracking},
  author={Ristani, Ergys and Solera, Francesco and Zou, Roger and Cucchiara, Rita and Tomasi, Carlo},
  booktitle={European Conference on Computer Vision},
  pages={17--35},
  year={2016},
  organization={Springer}
}

@inproceedings{zheng2017unlabeled,
  title={Unlabeled samples generated by gan improve the person re-identification baseline in vitro},
  author={Zheng, Zhedong and Zheng, Liang and Yang, Yi},
  booktitle={Proceedings of the IEEE International Conference on Computer Vision},
  pages={3754--3762},
  year={2017}
}

@inproceedings{wei2018person,
  title={Person transfer gan to bridge domain gap for person re-identification},
  author={Wei, Longhui and Zhang, Shiliang and Gao, Wen and Tian, Qi},
  booktitle={Proceedings of the IEEE Conference on Computer Vision and Pattern Recognition},
  pages={79--88},
  year={2018}
}

@inproceedings{zheng2016mars,
  title={Mars: A video benchmark for large-scale person re-identification},
  author={Zheng, Liang and Bie, Zhi and Sun, Yifan and Wang, Jingdong and Su, Chi and Wang, Shengjin and Tian, Qi},
  booktitle={European Conference on Computer Vision},
  pages={868--884},
  year={2016},
  organization={Springer}
}

@inproceedings{zhu2017unpaired,
  title={Unpaired image-to-image translation using cycle-consistent adversarial networks},
  author={Zhu, Jun-Yan and Park, Taesung and Isola, Phillip and Efros, Alexei A},
  booktitle={Proceedings of the IEEE international conference on computer vision},
  pages={2223--2232},
  year={2017}
}

@inproceedings{zhong2018camera,
  title={Camera style adaptation for person re-identification},
  author={Zhong, Zhun and Zheng, Liang and Zheng, Zhedong and Li, Shaozi and Yang, Yi},
  booktitle={Proceedings of the IEEE Conference on Computer Vision and Pattern Recognition},
  pages={5157--5166},
  year={2018}
}

@inproceedings{he2016deep,
  title={Deep residual learning for image recognition},
  author={He, Kaiming and Zhang, Xiangyu and Ren, Shaoqing and Sun, Jian},
  booktitle={Proceedings of the IEEE conference on computer vision and pattern recognition},
  pages={770--778},
  year={2016}
}

@inproceedings{deng2009imagenet,
  title={Imagenet: A large-scale hierarchical image database},
  author={Deng, Jia and Dong, Wei and Socher, Richard and Li, Li-Jia and Li, Kai and Fei-Fei, Li},
  booktitle={2009 IEEE conference on computer vision and pattern recognition},
  pages={248--255},
  year={2009},
  organization={Ieee}
}

@inproceedings{zhong2019invariance,
  title={Invariance matters: Exemplar memory for domain adaptive person re-identification},
  author={Zhong, Zhun and Zheng, Liang and Luo, Zhiming and Li, Shaozi and Yang, Yi},
  booktitle={Proceedings of the IEEE Conference on Computer Vision and Pattern Recognition},
  pages={598--607},
  year={2019}
}

@article{zhong2017random,
  title={Random erasing data augmentation},
  author={Zhong, Zhun and Zheng, Liang and Kang, Guoliang and Li, Shaozi and Yang, Yi},
  journal={arXiv preprint arXiv:1708.04896},
  year={2017}
}

@inproceedings{li2018unsupervised,
  title={Unsupervised person re-identification by deep learning tracklet association},
  author={Li, Minxian and Zhu, Xiatian and Gong, Shaogang},
  booktitle={Proceedings of the European Conference on Computer Vision (ECCV)},
  pages={737--753},
  year={2018}
}

@article{li2019unsupervised,
  title={Unsupervised Tracklet Person Re-Identification},
  author={Li, Minxian and Zhu, Xiatian and Gong, Shaogang},
  journal={IEEE transactions on pattern analysis and machine intelligence},
  year={2019},
  publisher={IEEE}
}

@article{zheng2016person,
  title={Person re-identification: Past, present and future},
  author={Zheng, Liang and Yang, Yi and Hauptmann, Alexander G},
  journal={arXiv preprint arXiv:1610.02984},
  year={2016}
}